@article{Oughton:2018a,
    title = "Towards 5G: Scenario-based assessment of the future supply and demand for mobile telecommunications infrastructure",
    journal = "Technological Forecasting and Social Change",
    volume = "133",
    pages = "141 - 155",
    year = "2018",
    issn = "0040-1625",
    doi = "https://doi.org/10.1016/j.techfore.2018.03.016",
    url = "http://www.sciencedirect.com/science/article/pii/S0040162517313525",
    author = "Edward Oughton and Zoraida Frias and Tom Russell and Douglas Sicker and David D. Cleevely"
}
@article{Oughton:2018b,
    title = "The cost, coverage and rollout implications of 5G infrastructure in Britain",
    journal = "Telecommunications Policy",
    volume = "42",
    number = "8",
    pages = "636 - 652",
    year = "2018",
    issn = "0308-5961",
    doi = "https://doi.org/10.1016/j.telpol.2017.07.009",
    url = "http://www.sciencedirect.com/science/article/pii/S0308596117302781",
    author = "Edward J. Oughton and Zoraida Frias"
}
@article{Oughton:2019,
    title = "Assessing the capacity, coverage and cost of 5G infrastructure strategies: Analysis of the Netherlands",
    journal = "Telematics and Informatics",
    volume = "37",
    pages = "50 - 69",
    year = "2019",
    issn = "0736-5853",
    doi = "https://doi.org/10.1016/j.tele.2019.01.003",
    url = "http://www.sciencedirect.com/science/article/pii/S073658531830830X",
    author = "Edward J. Oughton and Zoraida Frias and Sietse van der Gaast and Rudolf van der Berg"
}
@article{smif
    title = "A Software Framework for the Integration of Infrastructure Simulation Models",
    journal = "Journal of Open Research Software",
    volume = "7",
    issue = "1",
    pages = "16",
    doi = "http://doi.org/10.5334/jors.265",
    author = "Will Usher and Tom Russell"
}
@software{simim
    title = "simim: Spatial Interaction Models of Internal Migration",
    author = "Andrew Smith, Tom Russell, Will Usher",
    version = "1.1.0",
    year = "2019",
    url = "https://github.com/nismod/simim",
    doi = "https://doi.org/10.5281/zenodo.3490526"
}
